@article{xcxnumbers,
	title={世界互联网领先科技成果发布：微信小程序},
	author={赵光霞 and 宋心蕊},
	journal={人民网},
	year={2018},
}
@article{caibao,
	title={THE STORY BEHIND BAIDU AND TENCENT’S EARNINGS: THE MOBILE INTERNET IS OLD, THE SMALL PROGRAM INTERNET HAS ARRIVED},
	author={Hongchang Jiang},
	journal={Period of Big Data},
	year={2020},
}
@article{matai1,
	title={Research of Semi-Matthew Effect in College Library——Based on Readers' Reading Psychology in the Internet+Era},
	author={Chao Fang},
	journal={Proceedings of 2016 2nd International Conference on Environmental Pollution and Public Health(EPPH 2016)},
}
@article{xcxfenlei,
	title={2019年度小程序分类排行},
	author={缥渺},
	journal={互联网周刊},
	year={2020}
}
@article{xcxxvqiu,
	title={微信小程序市场现状与发展前景的分析},
	author={丁益 and 钱文波 and 关维娟},
	journal={统计与管理},
}
@book{lczd,
  title={浪潮之巅（第三版）},
  author={吴军},
  year={2018},
  publisher ={人民邮电出版社},
}